@inproceedings{DBLP:conf/icfp/BernardyC13,
  author    = {Jean-Philippe Bernardy and
               Koen Claessen},
  title     = {Efficient divide-and-conquer parsing of practical context-free
               languages},
  booktitle = {ICFP},
  year      = {2013},
  pages     = {111-122},
  ee        = {http://doi.acm.org/10.1145/2500365.2500576},
  crossref  = {DBLP:conf/icfp/2013},
  bibsource = {DBLP, http://dblp.uni-trier.de}
}

@proceedings{DBLP:conf/icfp/2013,
  editor    = {Greg Morrisett and
               Tarmo Uustalu},
  title     = {ACM SIGPLAN International Conference on Functional Programming,
               ICFP'13, Boston, MA, USA - September 25 - 27, 2013},
  booktitle = {ICFP},
  publisher = {ACM},
  year      = {2013},
  isbn      = {978-1-4503-2326-0},
  ee        = {http://dl.acm.org/citation.cfm?id=2500365},
  bibsource = {DBLP, http://dblp.uni-trier.de}
}

@inproceedings{DBLP:conf/haskell/Bernardy09,
  author    = {Jean-Philippe Bernardy},
  title     = {Lazy functional incremental parsing},
  booktitle = {Haskell},
  year      = {2009},
  pages     = {49-60},
  ee        = {http://doi.acm.org/10.1145/1596638.1596645},
  crossref  = {DBLP:conf/haskell/2009},
  bibsource = {DBLP, http://dblp.uni-trier.de}
}

@proceedings{DBLP:conf/haskell/2009,
  editor    = {Stephanie Weirich},
  title     = {Proceedings of the 2nd ACM SIGPLAN Symposium on Haskell,
               Haskell 2009, Edinburgh, Scotland, UK, 3 September 2009},
  booktitle = {Haskell},
  publisher = {ACM},
  year      = {2009},
  isbn      = {978-1-60558-508-6},
  bibsource = {DBLP, http://dblp.uni-trier.de}
}

@mastersthesis{divconqLex,
    author = "Christoffer Hansson and Jonas Hugo",
    title = "A Generator of Incremental Divide-and-Conquer Lexers",
    school = "Chalmers University of Technology",
    year = "2014"
}

@manual{bnfc,
    title = "The BNF Converter",
    address = \url{http://bnfc.digitalgrammars.com}
}

    

